<?xml version="1.0" encoding="UTF-8"?>
<record>
  <leader>01332nmm#a2200349#c#4500</leader>
  <controlfield tag="005">20181005112700.0</controlfield>
  <controlfield tag="007">cr#|||||||||||</controlfield>
  <controlfield tag="008">130826|1853####xx######o##|########ger#c</controlfield>
  <controlfield tag="003">DE-605</controlfield>
  <controlfield tag="001">990198125850206441</controlfield>
  <datafield tag="016" ind1="7" ind2=" ">
    <subfield code="a">162593822</subfield>
    <subfield code="2">OCoLC</subfield>
  </datafield>
  <datafield tag="035" ind1=" " ind2=" ">
    <subfield code="a">(DE-605)HT017749938</subfield>
  </datafield>
  <datafield tag="040" ind1=" " ind2=" ">
    <subfield code="c">DE-605</subfield>
    <subfield code="a">929</subfield>
    <subfield code="b">ger</subfield>
    <subfield code="e">rakwb</subfield>
    <subfield code="d">DE-605</subfield>
  </datafield>
  <datafield tag="041" ind1=" " ind2=" ">
    <subfield code="a">ger</subfield>
  </datafield>
  <datafield tag="044" ind1=" " ind2=" ">
    <subfield code="c">XA-DXDE</subfield>
  </datafield>
  <datafield tag="084" ind1=" " ind2=" ">
    <subfield code="a">130</subfield>
    <subfield code="2">rpb</subfield>
  </datafield>
  <datafield tag="084" ind1=" " ind2=" ">
    <subfield code="a">140</subfield>
    <subfield code="2">rpb</subfield>
  </datafield>
  <datafield tag="084" ind1=" " ind2=" ">
    <subfield code="a">330</subfield>
    <subfield code="2">rpb</subfield>
  </datafield>
  <datafield tag="100" ind1="1" ind2=" ">
    <subfield code="a">Leyser, Johann Jakob</subfield>
    <subfield code="d">1799-1867</subfield>
    <subfield code="0">(DE-588)1034937715</subfield>
    <subfield code="4">aut</subfield>
    <subfield code="0">http://d-nb.info/gnd/1034937715</subfield>
    <subfield code="0">http://viaf.org/viaf/sourceID/DNB|1034937715</subfield>
    <subfield code="B">GND-1034937715</subfield>
  </datafield>
  <datafield tag="245" ind1="1" ind2="0">
    <subfield code="a">Zur Geschichte und Kunde des ehemaligen Nahe-Gaues</subfield>
    <subfield code="h">Elektronische Ressource</subfield>
    <subfield code="c">von Auctionsverwalter Leyser in Oberstein</subfield>
  </datafield>
  <datafield tag="264" ind1=" " ind2="1">
    <subfield code="a">Birkenfeld</subfield>
    <subfield code="b">Kittsteiner</subfield>
    <subfield code="c">1853</subfield>
  </datafield>
  <datafield tag="300" ind1=" " ind2=" ">
    <subfield code="a">IV, 166 S., 1 Taf. 8"</subfield>
  </datafield>
  <datafield tag="689" ind1="0" ind2="0">
    <subfield code="a">Nahegau</subfield>
    <subfield code="D">g</subfield>
    <subfield code="0">(DE-588)4580132-0</subfield>
    <subfield code="B">GND-958460078</subfield>
  </datafield>
  <datafield tag="689" ind1="0" ind2="1">
    <subfield code="a">Geschichte</subfield>
    <subfield code="A">z</subfield>
  </datafield>
  <datafield tag="856" ind1="4" ind2=" ">
    <subfield code="u">http://www.mdz-nbn-resolving.de/urn/resolver.pl?urn=urn:nbn:de:bvb:12-bsb10020200-9</subfield>
    <subfield code="x">Resolving-System</subfield>
    <subfield code="z">kostenfrei</subfield>
    <subfield code="3">Volltext // 2013 digitalisiert von: Bayerische Staatsbibliothek, München. Exemplar mit der Signatur: München, Bayerische Staatsbibliothek -- Germ.sp. 281 d</subfield>
  </datafield>
  <datafield tag="964" ind1="0" ind2="s">
    <subfield code="F">051</subfield>
    <subfield code="A">m|||||||</subfield>
  </datafield>
  <datafield tag="964" ind1="0" ind2="s">
    <subfield code="F">030</subfield>
    <subfield code="A">a|1uc||||||17</subfield>
  </datafield>
  <datafield tag="964" ind1="0" ind2="s">
    <subfield code="F">050</subfield>
    <subfield code="A">||||||||g|||||</subfield>
  </datafield>
  <datafield tag="035" ind1=" " ind2=" ">
    <subfield code="a">(OCoLC)162593822</subfield>
  </datafield>
  <datafield tag="035" ind1=" " ind2=" ">
    <subfield code="a">(DE-604)159513057</subfield>
  </datafield>
  <datafield tag="035" ind1=" " ind2=" ">
    <subfield code="a">(DE-599)HBZHT017749938</subfield>
  </datafield>
  <datafield tag="500" ind1=" " ind2=" ">
    <subfield code="a">In Fraktur</subfield>
  </datafield>
  <datafield tag="583" ind1="1" ind2=" ">
    <subfield code="a">Archivierung/Langzeitarchivierung gewährleistet</subfield>
    <subfield code="f">PERP</subfield>
    <subfield code="5">DE-929</subfield>
  </datafield>
  <datafield tag="MBD" ind1=" " ind2=" ">
    <subfield code="M">49HBZ_NETWORK</subfield>
    <subfield code="i">990198125850206441</subfield>
    <subfield code="n">HBZ Network</subfield>
  </datafield>
  <datafield tag="MNG" ind1=" " ind2=" ">
    <subfield code="c">System</subfield>
    <subfield code="f">HBZ</subfield>
    <subfield code="i">marc21</subfield>
    <subfield code="h">20181005112700.0</subfield>
    <subfield code="k">01</subfield>
    <subfield code="e">false</subfield>
    <subfield code="d">2022-06-04 04:07:14 Europe/Berlin</subfield>
    <subfield code="g">019812585-HBZ01</subfield>
    <subfield code="j">60</subfield>
    <subfield code="a">import</subfield>
    <subfield code="b">2021-04-05 19:04:47 Europe/Berlin</subfield>
  </datafield>
  <datafield tag="GSI" ind1="7" ind2=" ">
    <subfield code="a">4580132-0</subfield>
    <subfield code="0">http://d-nb.info/gnd/4580132-0</subfield>
    <subfield code="2">gnd</subfield>
    <subfield code="A">GND</subfield>
    <subfield code="B">GND-958460078</subfield>
    <subfield code="C">024</subfield>
  </datafield>
  <datafield tag="GSI" ind1="7" ind2=" ">
    <subfield code="a">http://d-nb.info/gnd/1034937715</subfield>
    <subfield code="2">uri</subfield>
    <subfield code="A">GND</subfield>
    <subfield code="B">GND-1034937715</subfield>
    <subfield code="C">024</subfield>
  </datafield>
</record>
